@String(PAMI = {IEEE Trans. Pattern Anal. Mach. Intell.})
@String(IJCV = {Int. J. Comput. Vis.})
@String(CVPR= {IEEE Conf. Comput. Vis. Pattern Recog.})
@String(ICCV= {Int. Conf. Comput. Vis.})
@String(ECCV= {Eur. Conf. Comput. Vis.})
@String(NIPS= {Adv. Neural Inform. Process. Syst.})
@String(ICPR = {Int. Conf. Pattern Recog.})
@String(BMVC= {Brit. Mach. Vis. Conf.})
@String(TOG= {ACM Trans. Graph.})
@String(TIP  = {IEEE Trans. Image Process.})
@String(TVCG  = {IEEE Trans. Vis. Comput. Graph.})
@String(TMM  = {IEEE Trans. Multimedia})
@String(ACMMM= {ACM Int. Conf. Multimedia})
@String(ICME = {Int. Conf. Multimedia and Expo})
@String(ICASSP=	{ICASSP})
@String(ICIP = {IEEE Int. Conf. Image Process.})
@String(ACCV  = {ACCV})
@String(ICLR = {Int. Conf. Learn. Represent.})
@String(IJCAI = {IJCAI})
@String(PR   = {Pattern Recognition})
@String(AAAI = {AAAI})
@String(CVPRW= {IEEE Conf. Comput. Vis. Pattern Recog. Worksh.})
@String(CSVT = {IEEE Trans. Circuit Syst. Video Technol.})

@String(SPL	= {IEEE Sign. Process. Letters})
@String(VR   = {Vis. Res.})
@String(JOV	 = {J. Vis.})
@String(TVC  = {The Vis. Comput.})
@String(JCST  = {J. Comput. Sci. Tech.})
@String(CGF  = {Comput. Graph. Forum})
@String(CVM = {Computational Visual Media})


@String(PAMI  = {IEEE TPAMI})
@String(IJCV  = {IJCV})
@String(CVPR  = {CVPR})
@String(ICCV  = {ICCV})
@String(ECCV  = {ECCV})
@String(NIPS  = {NeurIPS})
@String(ICPR  = {ICPR})
@String(BMVC  =	{BMVC})
@String(TOG   = {ACM TOG})
@String(TIP   = {IEEE TIP})
@String(TVCG  = {IEEE TVCG})
@String(TCSVT = {IEEE TCSVT})
@String(TMM   =	{IEEE TMM})
@String(ACMMM = {ACM MM})
@String(ICME  =	{ICME})
@String(ICASSP=	{ICASSP})
@String(ICIP  = {ICIP})
@String(ACCV  = {ACCV})
@String(ICLR  = {ICLR})
@String(IJCAI = {IJCAI})
@String(PR = {PR})
@String(AAAI = {AAAI})
@String(CVPRW= {CVPRW})
@String(CSVT = {IEEE TCSVT})



@article{Li22,
    author = {Li, Zhen and Zou, Deqing and Xu, Shouhuai and Jin, Hai and Zhu, Yawei and Chen, Zhaoxuan},
    journal={IEEE Transactions on Dependable and Secure Computing}, 
    title={SySeVR: A Framework for Using Deep Learning to Detect Software Vulnerabilities}, 
    year={2022},
    volume={19},
    number={4},
    pages={2244--2258},
    doi={10.1109/TDSC.2021.3051525}
}

@article{Russell18,
    author={Russell, Rebecca and Kim, Louis and Hamilton, Lei and Lazovich, Tomo and Harer, Jacob and Ozdemir, Onur and Ellingwood, Paul and McConley, Marc},
    booktitle={2018 17th IEEE International Conference on Machine Learning and Applications (ICMLA)}, 
    title={Automated Vulnerability Detection in Source Code Using Deep Representation Learning}, 
    year={2018},
    volume={},
    number={},
    pages={757--762},
    doi={10.1109/ICMLA.2018.00120}
}

@article{Kim22,
    author={Kim, Soolin and Choi, Jusop and Ahmed, Muhammad Ejaz and Nepal, Surya and Kim, Hyoungshick},
    booktitle={2022 IEEE International Symposium on Software Reliability Engineering Workshops (ISSREW)}, 
    title={VulDeBERT: A Vulnerability Detection System Using BERT}, 
    year={2022},
    volume={},
    number={},
    pages={69--74},
    doi={10.1109/ISSREW55968.2022.00042}
}

@article{Lin20,
    author={Lin, Guanjun and Wen, Sheng and Han, Qing-Long and Zhang, Jun and Xiang, Yang},
    journal={Proceedings of the IEEE}, 
    title={Software Vulnerability Detection Using Deep Neural Networks: A Survey}, 
    year={2020},
    volume={108},
    number={10},
    pages={1825--1848},
    doi={10.1109/JPROC.2020.2993293}
}

@article{Zou21,
    author={Zou, Deqing and Wang, Sujuan and Xu, Shouhuai and Li, Zhen and Jin, Hai},
    journal={IEEE Transactions on Dependable and Secure Computing}, 
    title={VulDeePecker: A Deep Learning-Based System for Multiclass Vulnerability Detection}, 
    year={2021},
    volume={18},
    number={5},
    pages={2224--2236},
    doi={10.1109/TDSC.2019.2942930}
}

@article{Chen20,
    author={Chen, Yaohui and Li, Peng and Xu, Jun and Guo, Shengjian and Zhou, Rundong and Zhang, Yulong and Wei, Tao and Lu, Long},
    booktitle={2020 IEEE Symposium on Security and Privacy (SP)}, 
    title={SAVIOR: Towards Bug-Driven Hybrid Testing}, 
    year={2020},
    volume={},
    number={},
    pages={1580-1596},
    doi={10.1109/SP40000.2020.00002}
}

@misc{Nist00,
    author={National Institute of Standards and Technology (NIST)},
    year={2000},
    howpublished={\url{https://nvd.nist.gov}}
}

@misc{Oppermann22,
    author={Oppermann, Artem},
    title={What is Deep Learning and How Does It Work?},
    year={2022},
    howpublished={\url{https://builtin.com/machine-learning/deep-learning}}
}

@article{Feller57,
    author={Feller, William},
    title={An introduction to probability theory and its applications},
    year={1957},
    volume={1},
    number={3},
    pages={217--218}
}
